<?xml version="1.0" encoding="UTF-8" ?><marc:collection xmlns:marc="http://www.loc.gov/MARC21/slim" xmlns:xsi="http://www.w3.org/2001/XMLSchema-instance" xsi:schemaLocation="http://www.loc.gov/MARC21/slim http://www.loc.gov/standards/marcxml/schema/MARC21slim.xsd">
<marc:record><marc:leader>02460nam a2200289   4500</marc:leader>
<marc:controlfield tag="001">24301</marc:controlfield>
<marc:controlfield tag="003">aeadna</marc:controlfield><marc:controlfield tag="005">20100426151100.0</marc:controlfield><marc:controlfield tag="008">951212q1921    le    |f000  a00 d0cara u</marc:controlfield><marc:datafield tag="035" ind1=" " ind2=" "><marc:subfield code="a">(Sirsi) 24301</marc:subfield></marc:datafield><marc:datafield tag="040" ind1=" " ind2=" "><marc:subfield code="a">nal</marc:subfield><marc:subfield code="b">ara</marc:subfield><marc:subfield code="e">AACR2</marc:subfield></marc:datafield><marc:datafield tag="041" ind1="0" ind2=" "><marc:subfield code="a">ara</marc:subfield></marc:datafield><marc:datafield tag="043" ind1=" " ind2=" "><marc:subfield code="a">a-su---</marc:subfield></marc:datafield><marc:datafield tag="050" ind1=" " ind2="4"><marc:subfield code="a">CS1129.A2</marc:subfield><marc:subfield code="b">.S8 1921</marc:subfield></marc:datafield><marc:datafield tag="082" ind1="1" ind2="0"><marc:subfield code="a">929.566</marc:subfield><marc:subfield code="b">21</marc:subfield></marc:datafield><marc:datafield tag="100" ind1="1" ind2=" "><marc:subfield code="a"> السويدي، محمد أمين البغدادي،</marc:subfield><marc:subfield code="d"> ت. 1830 أو 1831.</marc:subfield></marc:datafield><marc:datafield tag="245" ind1="1" ind2="0"><marc:subfield code="a">سبائك الذهب في معرفة قبائل العرب /</marc:subfield><marc:subfield code="c">محمد أمين البغدادي</marc:subfield></marc:datafield><marc:datafield tag="246" ind1="3" ind2="0"><marc:subfield code="a">قبائل العرب</marc:subfield></marc:datafield><marc:datafield tag="260" ind1=" " ind2=" "><marc:subfield code="a">القاهرة:</marc:subfield><marc:subfield code="b">يطلب من المكتبة التجارية الكبرى بمصر ص.ب 578،</marc:subfield><marc:subfield code="b">[1339هـ] [1921م].</marc:subfield></marc:datafield><marc:datafield tag="300" ind1=" " ind2=" "><marc:subfield code="a">120 ص. ؛</marc:subfield><marc:subfield code="c">34 سم.</marc:subfield></marc:datafield><marc:datafield tag="500" ind1=" " ind2=" "><marc:subfield code="a">يبدأ الكتاب ببسم الله الرحمن الرحيم ثم &quot;الحمد لله الذي خلق الخلق فاختار منهم العرب واختصهم بان جعلهم قبائل وشعب ...وبعد فيقول العبد المفتقر إلى لطف مولاه الأبدي أبو الفوز محمد امين السويدي لما كان الكتاب المسمى نهاية الأرب في معرفة انساب العرب تاليف الشيخ الفاضل والنحرير الفاصل بين الحق والباطل شهاب الدين أبي العباس احمد بن عبد الله  ابن سليمان بن اسماعيل القلقشندي المصري الشافعي  الشهير بابن غده &quot;....  . وكانت نهايته &quot; والحمد لله رب العالمين قال مؤلفه رحمه الله تعالى نجز تحريره يوم الجمعة اليوم السادس من العشر الثاني من الشهر العاشر من السنة التاسعة من العقد الثالث من القرن الثالث عشر من الهجرة النبوية على صاحبها افضل الصلاة واكمل التحية آمين&quot;.</marc:subfield></marc:datafield><marc:datafield tag="500" ind1=" " ind2=" "><marc:subfield code="a">ورق الكتاب أصفر. حالته المادية متوسطة .مجلد. يحتاج إلى عناية وترميم وصيانة.</marc:subfield></marc:datafield><marc:datafield tag="650" ind1=" " ind2="4"><marc:subfield code="a">العرب</marc:subfield><marc:subfield code="x">أنساب.</marc:subfield></marc:datafield><marc:datafield tag="650" ind1=" " ind2="4"><marc:subfield code="a">القبائل العربية.</marc:subfield></marc:datafield><marc:datafield tag="650" ind1=" " ind2="4"><marc:subfield code="a">الأنساب العربية</marc:subfield><marc:subfield code="z">شبه الجزيرة العربية</marc:subfield></marc:datafield><marc:datafield tag="651" ind1=" " ind2="4"><marc:subfield code="a">شبه الجزيرة العربية</marc:subfield><marc:subfield code="x">أنساب.</marc:subfield></marc:datafield><marc:datafield tag="949" ind1=" " ind2=" "><marc:subfield code="a">929.566 ب [ س ب</marc:subfield><marc:subfield code="w">DDC</marc:subfield><marc:subfield code="i">30018000001782</marc:subfield><marc:subfield code="u">04/26/2010</marc:subfield><marc:subfield code="d">04/26/2010</marc:subfield><marc:subfield code="n">0</marc:subfield><marc:subfield code="t">Book</marc:subfield><marc:subfield code="l">av</marc:subfield><marc:subfield code="m">MAIN</marc:subfield><marc:subfield code="x">RAR</marc:subfield></marc:datafield></marc:record>
</marc:collection>
